<record><leader>00000cas a2200000 i 4500</leader><controlfield tag="001">56998119</controlfield><controlfield tag="008">041119c19199999mauwr n       |   a0eng  </controlfield><datafield ind1=" " ind2=" " tag="010"><subfield code="a">  2016202440</subfield></datafield><datafield ind1=" " ind2=" " tag="040"><subfield code="a">BXM</subfield><subfield code="c">BXM</subfield><subfield code="b">eng</subfield><subfield code="e">rda</subfield><subfield code="d">OCLCQ</subfield><subfield code="d">OCLCF</subfield><subfield code="d">OCLCO</subfield><subfield code="d">DLC</subfield><subfield code="d">OCLCA</subfield></datafield><datafield ind1="0" ind2=" " tag="022"><subfield code="a">0017-9590</subfield><subfield code="2">1</subfield></datafield><datafield ind1=" " ind2=" " tag="037"><subfield code="b">The Heights, 113 McElroy Commons, Chestnut Hill, MA 02467</subfield></datafield><datafield ind1=" " ind2=" " tag="042"><subfield code="a">pcc</subfield><subfield code="a">nsdp</subfield></datafield><datafield ind1="1" ind2="0" tag="050"><subfield code="a">ISSN RECORD</subfield></datafield><datafield ind1="1" ind2="4" tag="050"><subfield code="a">LH1.B6</subfield><subfield code="b">H44</subfield></datafield><datafield ind1="1" ind2="0" tag="082"><subfield code="a">378</subfield><subfield code="a">070</subfield><subfield code="2">23</subfield></datafield><datafield ind1="0" ind2=" " tag="130"><subfield code="a">Heights (Chestnut Hill, Mass.)</subfield></datafield><datafield ind1=" " ind2="4" tag="222"><subfield code="a">The Heights</subfield><subfield code="b">(Chestnut Hill)</subfield></datafield><datafield ind1="1" ind2="4" tag="245"><subfield code="a">The Heights.</subfield></datafield><datafield ind1=" " ind2="1" tag="264"><subfield code="a">Chestnut Hill, Mass. :</subfield><subfield code="b">Boston College,</subfield><subfield code="c">1919-</subfield></datafield><datafield ind1="3" ind2="1" tag="264"><subfield code="3">&lt;2013-&gt;:</subfield><subfield code="a">Chestnut Hills, MA :</subfield><subfield code="b">The Heights, Inc.</subfield></datafield><datafield ind1=" " ind2=" " tag="300"><subfield code="a">volumes :</subfield><subfield code="b">illustrations ;</subfield><subfield code="c">24-57 cm</subfield></datafield><datafield ind1=" " ind2=" " tag="310"><subfield code="a">Weekly</subfield></datafield><datafield ind1=" " ind2=" " tag="336"><subfield code="a">text</subfield><subfield code="b">txt</subfield><subfield code="2">rdacontent</subfield></datafield><datafield ind1=" " ind2=" " tag="337"><subfield code="a">unmediated</subfield><subfield code="b">n</subfield><subfield code="2">rdamedia</subfield></datafield><datafield ind1=" " ind2=" " tag="338"><subfield code="a">volume</subfield><subfield code="b">nc</subfield><subfield code="2">rdacarrier</subfield></datafield><datafield ind1="1" ind2=" " tag="362"><subfield code="a">Began with: Vol. 1, no. 1 (November 19, 1919).</subfield></datafield><datafield ind1=" " ind2=" " tag="500"><subfield code="a">"The independent student newspaper of Boston College -- produced by BC undergraduates."</subfield></datafield><datafield ind1=" " ind2=" " tag="588"><subfield code="a">Description based on: Vol. 1, No. 1 (November 19, 1919); title from caption (surrogate).</subfield></datafield><datafield ind1=" " ind2=" " tag="588"><subfield code="a">Latest issue consulted: Vol. 94, No. 1 (January 17, 2013) (surrogate).</subfield></datafield><datafield ind1="2" ind2="0" tag="610"><subfield code="a">Boston College</subfield><subfield code="v">Newspapers.</subfield></datafield><datafield ind1="2" ind2="7" tag="610"><subfield code="a">Boston College.</subfield><subfield code="2">fast</subfield><subfield code="0">(OCoLC)fst00540787</subfield></datafield><datafield ind1=" " ind2="7" tag="655"><subfield code="a">Newspapers.</subfield><subfield code="2">fast</subfield><subfield code="0">(OCoLC)fst01423814</subfield></datafield><datafield ind1="2" ind2=" " tag="710"><subfield code="a">Boston College.</subfield></datafield><datafield ind1="0" ind2="8" tag="776"><subfield code="i">Online version:</subfield><subfield code="t">Heights (Chestnut Hill, Mass.)</subfield><subfield code="x">2473-6554</subfield><subfield code="w">(DLC)  2016202361</subfield><subfield code="w">(OCoLC)244126535</subfield></datafield><datafield ind1="4" ind2="1" tag="856"><subfield code="u">http://newspapers.bc.edu/cgi-bin/bostonsh?a=cl&amp;cl=CL1.bcheights</subfield></datafield></record>